@misc{-forecasting,
  title   = {Forecasting {{Chinese CO}} 2 Emissions from Fuel Combustion Using a Novel Grey Multivariable Model | {{Request PDF}}},
  url     = {https://www.researchgate.net/publication/317647208_Forecasting_Chinese_CO_2_emissions_from_fuel_combustion_using_a_novel_grey_multivariable_model},
  urldate = {2023-05-24}
}

@inproceedings{alam2021-forecasting,
  title     = {Forecasting {{CO}} {\textsubscript{2}} {{Emissions}} in {{Saudi Arabia Using Artificial Neural Network}}, {{Holt-Winters Exponential Smoothing}}, and {{Autoregressive Integrated Moving Average Models}}},
  booktitle = {2021 {{International Conference}} on {{Technology}} and {{Policy}} in {{Energy}} and {{Electric Power}} ({{ICT-PEP}})},
  author    = {Alam, Teg and AlArjani, Ali},
  year      = {2021},
  pages     = {125--129},
  publisher = {{IEEE}},
  address   = {{Jakarta, Indonesia}},
  doi       = {10.1109/ICT-PEP53949.2021.9601031},
  urldate   = {2023-02-11},
  isbn      = {978-1-66541-641-2},
  langid    = {english},
  keywords  = {0213,carbon emissions,NN}
}

@article{gao2021-novel,
  title   = {A Novel Fractional Grey {{Riccati}} Model for Carbon Emission Prediction},
  author  = {Gao, Mingyun and Yang, Honglin and Xiao, Qinzi and Goh, Mark},
  year    = {2021},
  journal = {Journal of Cleaner Production},
  volume  = {282},
  pages   = {124471},
  issn    = {0959-6526},
  doi     = {10.1016/j.jclepro.2020.124471},
  urldate = {2023-05-24},
  langid  = {english}
}

@article{li2021-pricing,
  title   = {Pricing Strategies and Profit Coordination under a Double Echelon Green Supply Chain},
  author  = {Li, Ping and Rao, Congjun and Goh, Mark and Yang, Zuqiao},
  year    = {2021},
  journal = {Journal of Cleaner Production},
  volume  = {278},
  pages   = {123694},
  issn    = {0959-6526},
  doi     = {10.1016/j.jclepro.2020.123694},
  urldate = {2023-05-24},
  langid  = {english}
}

@article{meng2011-modeling,
  title   = {Modeling {{CO2}} Emissions from Fossil Fuel Combustion Using the Logistic Equation},
  author  = {Meng, Ming and Niu, Dongxiao},
  year    = {2011},
  journal = {Energy},
  volume  = {36},
  number  = {5},
  pages   = {3355--3359},
  issn    = {0360-5442},
  doi     = {10.1016/j.energy.2011.03.032},
  urldate = {2023-05-24},
  langid  = {english}
}
